@article{Test,
	author = {Jason},
	title = {Hello! I am a title!},
	journaltitle = {Hi!},
	date = {Now},
}
